@online{chatgpt_grow,
    author = "Krystal Hu",
    title = "ChatGPT sets record for fastest-growing user base - analyst note",
    url  = "https://www.reuters.com/technology/chatgpt-sets-record-fastest-growing-user-base-analyst-note-2023-02-01/",
    year = "2023"
}
